<?xml version="1.0" encoding="UTF-8"?><collection><record><leader>05709ntm a2200565 a 4500</leader><controlfield tag="001">006816018</controlfield><controlfield tag="003">MiAaHDL</controlfield><controlfield tag="005">20190719000000.0</controlfield><controlfield tag="006">m        d        </controlfield><controlfield tag="007">cr bn ---auaua</controlfield><controlfield tag="008">090611s16uu    xx            00| ||per d</controlfield><datafield tag="035" ind1=" " ind2=" "><subfield code="a">(MiU)006816018</subfield></datafield><datafield tag="035" ind1=" " ind2=" "><subfield code="a">sdr-miu006816018</subfield></datafield><datafield tag="040" ind1=" " ind2=" "><subfield code="a">MiU</subfield><subfield code="c">MiU</subfield><subfield code="e">amremm</subfield></datafield><datafield tag="043" ind1=" " ind2=" "><subfield code="a">n-us-mi</subfield></datafield><datafield tag="100" ind1="0" ind2=" "><subfield code="6">880-01</subfield><subfield code="a">Vaḥshī Bāfqī,</subfield><subfield code="d">-1583.</subfield></datafield><datafield tag="240" ind1="1" ind2="0"><subfield code="6">880-02</subfield><subfield code="a">Poems</subfield></datafield><datafield tag="245" ind1="1" ind2="0"><subfield code="6">880-03</subfield><subfield code="a">[Kullīyāt-i Vaḥshī,</subfield><subfield code="f">17th century?].</subfield></datafield><datafield tag="246" ind1="3" ind2=" "><subfield code="i">Edge title (tail):</subfield><subfield code="a">كليات وحشى</subfield></datafield><datafield tag="260" ind1=" " ind2=" "><subfield code="c">[16--?].</subfield></datafield><datafield tag="300" ind1=" " ind2=" "><subfield code="a">262 leaves :</subfield><subfield code="b">paper ;</subfield><subfield code="c">223 x 135 (144 x 66-74) mm.</subfield></datafield><datafield tag="500" ind1=" " ind2=" "><subfield code="a">Shelfmark: Ann Arbor, University of Michigan, Special Collections Library, Isl. Ms. 335</subfield></datafield><datafield tag="500" ind1=" " ind2=" "><subfield code="a">Origin: As appears in colophon on p.519, copied by one Muḥammad, known as ʻIṭrī (Mehmet Itri). Date of transcription is not specified though paper, decoration etc. may suggest 17th or even late 16th century.</subfield></datafield><datafield tag="500" ind1=" " ind2=" "><subfield code="a">Former shelfmark: "107 T. De M. [i.e. Tammaro De Marinis]" inscribed in pencil on verso of front flyleaf.</subfield></datafield><datafield tag="500" ind1=" " ind2=" "><subfield code="a">Binding: Pasteboards covered in dark maroon leather ; Type II binding (with flap, though now lost) ; pastedowns and flyleaves in pink coated and textured paper (embossed in a repeating leaf pattern) ; upper and lower covers carry central gold-painted spray of leaves and flowers set in a rectangular panel defined by gold fillets with tooled rosette accent cornerpieces and tooled border in gold ; text block edges gold-painted in vegetal designs ; sewn in red thread, two stations ; worked chevron endbands in yellow and red, good condition ; overall in somewhat poor condition with loss of flap, much abrasion, some staining, lifting of leather, etc. ; some subtle repairs to spine.</subfield></datafield><datafield tag="500" ind1=" " ind2=" "><subfield code="a">Support: non-European laid paper of perhaps a few types ; mainly non-European laid paper with 8-9 laid lines per cm. (horizontal or vertical) and occasional chain lines visible (even in pairs, see p.136), heavily sized and burnished, medium cream in color, quite sturdy / dense and fairly thick ; leaf carrying pp.349-350 delaminating ; added / replacement leaves at close in European laid paper with "TSC" or "TSG" (possibly below an eagle, see p.520-524) ; repairs.</subfield></datafield><datafield tag="500" ind1=" " ind2=" "><subfield code="a">Decoration: Superbly executed illuminated headpiece (ʻunwān / sarlawḥ) at opening on p.2 consisting of large rectangular piece with central gold cartouche (empty) surrounded by swirling floral vegetal decoration in gold, pink, yellow, red, and light blue on lapis lazuli and gold (evoking book cover design), bordered in a dark blue / lapis band with white accents and surmounted by a row of gold lozenges filled with similar floral vegetal decoration itself surmounted a light blue band separating it from a scalloped semi-circular piece (dome) carrying the same manner of swirling floral vegetal decoration on fields of gold and lapis lazuli, all set in a well of red with white accents and surmounted by vertical stalks (tīgh) in dark blue ; additional exquisite headpieces at openings of other sections (see pp.86, 138, 352) ; written area throughout surrounded by frame consisting of a heavy gold band defined by black fillets, rules defining columns within also in gold.</subfield></datafield><datafield tag="500" ind1=" " ind2=" "><subfield code="a">Script: Nastaʻlīq (talik) ; elegant Ottoman hand ; serifless, with effect of words descending to baseline, closed counters, and elongated horizontal strokes.</subfield></datafield><datafield tag="500" ind1=" " ind2=" "><subfield code="a">Layout: Written in 13 lines per page, with written area mainly divided to two columns ; frame-ruled.</subfield></datafield><datafield tag="500" ind1=" " ind2=" "><subfield code="a">Collation: ii, V-1 (9), 4 V(49), IV (57), 20 V(257), II-1+2 (262), ii ; chiefly quinions ; leaves between sections (see pp.85, 135-137, 348-351) and final leaves left blank ; catchwords present ; pagination in pencil, Western numerals, supplied during digitization.</subfield></datafield><datafield tag="500" ind1=" " ind2=" "><subfield code="a">Colophon: "Scribal," triangular, mainly in Arabic, reads "تمت الكتاب بعون الملك الوهاب على يد اضعف العباد محمد الشهير بعطرى غفر ذنوبه تم تم"</subfield></datafield><datafield tag="500" ind1=" " ind2=" "><subfield code="a">Explicit: "یا صاحب ننگ و نام می باید بود یا شهره خاص و عام می باید بود القصه کمال جهد می باید کرد در وادی خود تمام می باید بود"</subfield></datafield><datafield tag="500" ind1=" " ind2=" "><subfield code="a">Incipit: "الهی سینۀ ده آتش افروز در ان سینه دلی و ان دل همه سوز ..."</subfield></datafield><datafield tag="500" ind1=" " ind2=" "><subfield code="a">Title supplied by cataloguer.</subfield></datafield><datafield tag="500" ind1=" " ind2=" "><subfield code="a">Ms. codex.</subfield></datafield><datafield tag="510" ind1="4" ind2=" "><subfield code="a">Cat. Pers. MSS. Brit. Mus.,</subfield><subfield code="c">p. 663 f.</subfield></datafield><datafield tag="520" ind1="8" ind2=" "><subfield code="a">Elegant copy of the collected poetic works (dīvān) of Vaḥshī Bāfqī (d.1583), opening with his mas̲navī Farhād va Shīrīn.</subfield></datafield><datafield tag="538" ind1=" " ind2=" "><subfield code="a">Mode of access: Internet.</subfield></datafield><datafield tag="541" ind1=" " ind2=" "><subfield code="c">Purchase ;</subfield><subfield code="a">Acquired by purchase (funds donated by Horace Rackham).</subfield><subfield code="d">1924.</subfield></datafield><datafield tag="546" ind1=" " ind2=" "><subfield code="a">Persian.</subfield></datafield><datafield tag="561" ind1=" " ind2=" "><subfield code="a">Inscription in pencil on verso of front flyleaf "107 T. De M. [i.e. Tammaro De Marinis]" ; effaced seal impression on p.3 ; collation statement in margin of p.346 "اوراق عدد ١٠٦" and p.518 (deliberately covered by paper fill) ; fairly clean copy.</subfield></datafield><datafield tag="650" ind1=" " ind2="0"><subfield code="a">Manuscripts, Persian</subfield><subfield code="z">Michigan</subfield><subfield code="z">Ann Arbor.</subfield></datafield><datafield tag="650" ind1=" " ind2="0"><subfield code="a">Persian poetry</subfield><subfield code="y">1500-1796.</subfield></datafield><datafield tag="655" ind1=" " ind2="7"><subfield code="a">Headpieces (layout features)</subfield><subfield code="y">17th century.</subfield><subfield code="2">aat</subfield></datafield><datafield tag="700" ind1="0" ind2=" "><subfield code="a">Abdülhamid</subfield><subfield code="b">II,</subfield><subfield code="c">Sultan of the Turks,</subfield><subfield code="d">1842-1918,</subfield><subfield code="e">former owner.</subfield></datafield><datafield tag="700" ind1="0" ind2=" "><subfield code="6">880-05</subfield><subfield code="a">Mehmet Itri,</subfield><subfield code="e">scribe.</subfield></datafield><datafield tag="773" ind1="0" ind2=" "><subfield code="a">Abdul Hamid Collection.</subfield></datafield><datafield tag="880" ind1="0" ind2=" "><subfield code="6">700-05/</subfield><subfield code="a">محمد عطری,</subfield><subfield code="e">ناسخ.</subfield></datafield><datafield tag="880" ind1="1" ind2="0"><subfield code="6">245-03/</subfield><subfield code="a">[کلیات وحشی,</subfield><subfield code="f">قرن 17م؟].</subfield></datafield><datafield tag="880" ind1="0" ind2=" "><subfield code="6">100-01/</subfield><subfield code="a">وحشی بافقی.</subfield></datafield><datafield tag="CID" ind1=" " ind2=" "><subfield code="a">006816018</subfield></datafield><datafield tag="DAT" ind1="0" ind2=" "><subfield code="a">20190719102639.0</subfield><subfield code="b">20190719000000.0</subfield></datafield><datafield tag="DAT" ind1="1" ind2=" "><subfield code="a">20190719090653.0</subfield><subfield code="b">2019-07-19T16:11:55Z</subfield></datafield><datafield tag="DAT" ind1="2" ind2=" "><subfield code="a">2015-10-10T18:00:06Z</subfield></datafield><datafield tag="CAT" ind1=" " ind2=" "><subfield code="a">SDR-MIU</subfield><subfield code="d">EX LIBRIS - ALEPH</subfield><subfield code="l">prepare.pl-004-008</subfield></datafield><datafield tag="FMT" ind1=" " ind2=" "><subfield code="a">BK</subfield></datafield><datafield tag="HOL" ind1=" " ind2=" "><subfield code="0">sdr-miu006816018</subfield><subfield code="a">MiU</subfield><subfield code="b">SDR</subfield><subfield code="c">MIU</subfield><subfield code="p">mdp.39015079129550</subfield><subfield code="s">MIU</subfield><subfield code="1">006816018</subfield></datafield><datafield tag="974" ind1=" " ind2=" "><subfield code="b">MIU</subfield><subfield code="c">MIU</subfield><subfield code="d">20190719</subfield><subfield code="s">lit-dlps-dc</subfield><subfield code="u">mdp.39015079129550</subfield><subfield code="y">1699</subfield><subfield code="r">pd</subfield><subfield code="q">bib</subfield><subfield code="t">non-US bib date1 &lt; 1879</subfield></datafield></record></collection>